<record><leader>00000cas a22000007a 4500</leader><controlfield tag="001">10001972</controlfield><controlfield tag="008">831011d19181957ohudn n       0    0slv d</controlfield><datafield ind1=" " ind2=" " tag="010"><subfield code="a">sn 83035527 </subfield></datafield><datafield ind1=" " ind2=" " tag="040"><subfield code="a">NPY</subfield><subfield code="b">eng</subfield><subfield code="c">NPY</subfield><subfield code="d">ONP</subfield><subfield code="d">OCL</subfield><subfield code="d">OCLCQ</subfield><subfield code="d">OCLCF</subfield><subfield code="d">OCLCO</subfield><subfield code="d">OCLCQ</subfield></datafield><datafield ind1="0" ind2=" " tag="041"><subfield code="a">slv</subfield><subfield code="a">eng</subfield></datafield><datafield ind1=" " ind2=" " tag="042"><subfield code="a">msc</subfield></datafield><datafield ind1=" " ind2=" " tag="043"><subfield code="a">n-us-oh</subfield></datafield><datafield ind1="0" ind2="0" tag="245"><subfield code="a">Enakopravnost.</subfield></datafield><datafield ind1="3" ind2="1" tag="246"><subfield code="a">Equality</subfield></datafield><datafield ind1=" " ind2=" " tag="260"><subfield code="a">Cleveland, O.[Ohio] :</subfield><subfield code="b">American-Jugoslav Print. and Pub. Co.,</subfield><subfield code="c">-1957.</subfield></datafield><datafield ind1=" " ind2=" " tag="300"><subfield code="a">volumes</subfield></datafield><datafield ind1=" " ind2=" " tag="310"><subfield code="a">Daily (except Sat., Sun., and holidays),</subfield><subfield code="b">Dec. 10, 1945-Apr. 1, 1957</subfield></datafield><datafield ind1=" " ind2=" " tag="321"><subfield code="a">Daily (except Sun. and holidays),</subfield><subfield code="b">&lt;Jan. 2, 1925&gt;-Dec. 8, 1945</subfield></datafield><datafield ind1=" " ind2=" " tag="336"><subfield code="a">text</subfield><subfield code="b">txt</subfield><subfield code="2">rdacontent</subfield></datafield><datafield ind1=" " ind2=" " tag="337"><subfield code="a">unmediated</subfield><subfield code="b">n</subfield><subfield code="2">rdamedia</subfield></datafield><datafield ind1=" " ind2=" " tag="338"><subfield code="a">volume</subfield><subfield code="b">nc</subfield><subfield code="2">rdacarrier</subfield></datafield><datafield ind1="1" ind2=" " tag="362"><subfield code="a">Began with Apr. 6, 1918 issue.</subfield></datafield><datafield ind1="0" ind2=" " tag="362"><subfield code="a">-l. 40, s&#780;t. 64 (Apr. 1, 1957).</subfield></datafield><datafield ind1=" " ind2=" " tag="504"><subfield code="a">Includes bibliographical references (Bajec, J. Slovensko izseljensko c&#780;asopisje 1891-1945, Ljubljana, 1980).</subfield></datafield><datafield ind1=" " ind2=" " tag="521"><subfield code="a">"Neodvisen dnevnik za Slovenske delavce v Ameriki."</subfield></datafield><datafield ind1=" " ind2=" " tag="546"><subfield code="a">In Slovenian and English.</subfield></datafield><datafield ind1=" " ind2=" " tag="588"><subfield code="a">Description based on: Vol. 8, no. 1 (Jan. 2, 1925) = Leto 8, st. 1.</subfield></datafield><datafield ind1=" " ind2="0" tag="650"><subfield code="a">Slovenes</subfield><subfield code="z">Ohio</subfield><subfield code="v">Newspapers.</subfield></datafield><datafield ind1=" " ind2="7" tag="650"><subfield code="a">Slovenes.</subfield><subfield code="2">fast</subfield><subfield code="0">(OCoLC)fst01121077</subfield></datafield><datafield ind1=" " ind2="7" tag="651"><subfield code="a">Ohio.</subfield><subfield code="2">fast</subfield><subfield code="0">(OCoLC)fst01205075</subfield></datafield><datafield ind1=" " ind2="7" tag="655"><subfield code="a">Newspapers.</subfield><subfield code="2">fast</subfield><subfield code="0">(OCoLC)fst01423814</subfield></datafield><datafield ind1=" " ind2=" " tag="752"><subfield code="a">United States</subfield><subfield code="b">Ohio</subfield><subfield code="c">Cuyahoga</subfield><subfield code="d">Cleveland.</subfield></datafield><datafield ind1="1" ind2=" " tag="029"><subfield code="a">AU@</subfield><subfield code="b">000020294833</subfield></datafield></record>